% This file was created with Citavi 6.10.0.0

@article{Schilling.1998,
 author = {Schilling, Jonathan L.},
 year = {1998},
 title = {Optimizing away C++ exception handling},
 pages = {40--47},
 volume = {33},
 number = {8},
 issn = {0362-1340},
 journal = {ACM SIGPLAN Notices},
 doi = {10.1145/286385.286390}
}


